@Book{Monteiro2021,
  author    = {Eduarda Rodrigues Monteiro; Marcos Vinicius Bião Cerqueira; Matheus da Silva Serpa; Doutora em Ciência da Computação; Priscila Gonçalves; Rafael Queiroz Gonçalves; Lucas Gonçalves Correia; Marcel Santos Silva; Maristela Regina Weinfurter Teixeira; Renê de Ávila Mendes},
  date      = {2021-07-31},
  title     = {Devops},
  year      = {2021},
  isbn      = {978-65-5690-172-5},
  publisher = {Sagah},
  file      = {:E\:/Programação/PUC-PR/Arquitetura-Ciência.Dados-Cybersecurity/16-Arquitetura.Microsservicos/Bibliografia/Devops_impressa.pdf:PDF},
}

@Book{Pressman2021,
  author    = {Roger S. Pressman; Bruce R. Maxim},
  date      = {2021-12-31},
  title     = {Engenharia de software},
  year      = {2021},
  edition   = {Ninth edition},
  editor    = {Bruce R. Maxim},
  isbn      = {9781259872976},
  location  = {New York, NY},
  note      = {References p. 639-658},
  pagetotal = {671},
  publisher = {McGraw-Hill Education},
  subtitle  = {A practitioner's approach},
  file      = {:E\:/Livros/Roger S. Pressman, Bruce R. Maxim/Engenharia de software (3230)/Engenharia de software - Roger S. Pressman, Bruce R. Max.pdf:PDF},
  keywords  = {Computação e Tecnologia da Informação > Engenharia de Software e Métodos Ágeis, Pressman; Maxim; engenharia de software; modelagem de requisitos; processos; métodos ágeis; padrões; qualidade; métricas; gestão; gestão de riscos; teste de software; projeto de componentes; projeto para mobilidade; projeto baseado em padrões; projeto para mobilidade; melhoria; suporte; estratégia; UML; engenheiros; gerenciamento; plano, GrupoA; Bookman; google},
  ppn_gvk   = {1664758887},
}

@Book{Gallotti2016,
  author = {Giocondo Marino Antonio Gallotti},
  date   = {2016-12-31},
  title  = {Arquitetura de software},
  year   = {2016},
  isbn   = {978-85-430-1735-8},
  file   = {:E\:/Livros/Giocondo Marino Antonio Gallotti/Arquitetura de Software (3231)/Arquitetura de Software - Giocondo Marino Antonio Gallott.pdf:PDF},
}

@Book{Netto2006,
  author   = {Eduardo Bráulio Wanderley Netto},
  date     = {2006-03-31},
  title    = {Arquitetura de Computadores},
  year     = {2006},
  editor   = {Arquitetura de Computadores},
  isbn     = {85-89571-06-8},
  subtitle = {a visão do software},
  file     = {:E\:/Livros/Eduardo Braulio Wanderley Netto/Arquitetura de Computadores_ a visa (3232)/Arquitetura de Computadores_ a - Eduardo Braulio Wanderley Netto.pdf:PDF},
}

@Book{Martin2019,
  author    = {Robert C. Martin},
  date      = {2019-03-25},
  title     = {Arquitetura Limpa (Robert C. Martin)},
  year      = {2019},
  isbn      = {978-85-508-1600-5},
  language  = {pt},
  publisher = {Alta Books},
  abstract  = {Arquitetura Limpa de Martin nÃ£o Ã© sÃ³ mais um catÃ¡logo de opÃ§Ãµes. Com base em meio sÃ©culo de experiÃªncia nos mais variados ambientes de software, Martin indica as escolhas que vocÃª deve fazer e explica por que elas sÃ£o cruciais para o seu sucesso.},
  day       = {25},
  file      = {:E\:/Livros/Robert C. Martin/Arquitetura Limpa (3233)/Arquitetura Limpa - Robert C. Martin.pdf:PDF},
  keywords  = {Linguagem de ProgramaÃ§Ã£o, Arquitetura Limpa, Design de Software},
}

@Book{Irigoyen2020,
  author    = {Irigoyen, Analia and Muniz, Antonio},
  date      = {2020-04-14},
  title     = {Jornada DevOps 2a edição (Jornada Colaborativa)},
  year      = {2020},
  language  = {pt},
  publisher = {BRASPORT},
  abstract  = {1. Agilidade. 2. Produtividade. 3. EficiÃªncia no trabalho. 4. GestÃ£o de equipes. 5. Planejamento. 6. Projetos.},
  day       = {14},
  file      = {:E\:/Livros/Analia Irigoyen/Jornada DevOps 2a edicao (Jornada C (3083)/Jornada DevOps 2a edicao (Jorna - Analia Irigoyen.pdf:PDF},
}

@Book{Fowler2008,
  author = {Martin Fowler},
  date   = {2008-12-31},
  title  = {Padrões de arquitetura de aplicações corporativas},
  year   = {2008},
  file   = {:E\:/Livros/Martin Fowler/Padroes de Arquitetura de Aplicacoe (3101)/Padroes de Arquitetura de Aplic - Martin Fowler.pdf:PDF},
}

@Book{Bhowmik2017,
  author    = {Bhowmik, Sandeep},
  date      = {2017},
  title     = {Cloud Computing},
  year      = {2017},
  edition   = {1st ed.},
  isbn      = {9781316638101},
  location  = {Cambridge},
  note      = {Description based on publisher supplied metadata and other sources.},
  pagetotal = {1434},
  publisher = {Cambridge University Press},
  file      = {:- Cloud Computing.pdf:PDF},
  ppn_gvk   = {1908018933},
}

@Manual{PUCPR2024IA,
  author      = {PUC/PR, Pontifícia Universidade Católica do Paraná},
  date        = {2024-06-02},
  editor      = {PUC/PR},
  title       = {Resolução n.º 274/2024 – CONSUN: Diretrizes para uso da Inteligência Artificial – IA na PUCPR},
  year        = {2024},
  note        = {Aprovada ad referendum do CONSUN em 21 de agosto de 2024},
  url         = {https://www.scribd.com/document/767199033},
  urldate     = {2025-08-02},
  file        = {:PUCPR2024IA - Resolução N.º 274_2024 – CONSUN_ Diretrizes Para Uso Da Inteligência Artificial – IA Na PUCPR.pdf:PDF},
  institution = {Pontifícia Universidade Católica do Paraná},
  month       = aug,
  uri         = {https://www.scribd.com/document/767199033},
}

@WWW{BCB_CMN_4893,
  author   = {BACEN, Banco Central do Brasil},
  date     = {2025-08-03},
  title    = {Resolução CMN n° 4.893 de 26/2/2021},
  url      = {https://www.bcb.gov.br/estabilidadefinanceira/exibenormativo?tipo=RESOLU%C3%87%C3%83O%20CMN&numero=4893},
  year     = {2024},
  origdate = {2021-02-21},
}

@Book{Ruparelia2016,
  author    = {Nayan B. Ruparelia},
  date      = {2016-05-31},
  title     = {Cloud Computing},
  year      = {2016},
  isbn      = {9780262334136},
  location  = {Cambridge, Massachusetts},
  note      = {Includes bibliographical references and index},
  pagetotal = {1260},
  publisher = {The MIT Press},
  series    = {The MIT Press essential knowledge series},
  file      = {:E\:/Livros/Nayan B. Ruparelia/Cloud Computing (3235)/Ruparelia2016 - Cloud Computing.pdf:PDF},
  ppn_gvk   = {1066891702},
}

@Comment{jabref-meta: databaseType:biblatex;}

@Comment{jabref-meta: fileDirectoryLatex-chico-CEREBRO:T:\\Estudar\\#01-Matematica\\!!03-Sem\\01-EDUCAÇÃO ESPECIAL (CEL1694-3734363) 9004\\Atividade-Estruturada\\Trab003\\bibliografia;}
